@inproceedings{zolfaghari2017chained,
  title={Chained multi-stream networks exploiting pose, motion, and appearance for action classification and detection},
  author={Zolfaghari, Mohammadreza and Oliveira, Gabriel L and Sedaghat, Nima and Brox, Thomas},
  booktitle={Computer Vision (ICCV), 2017 IEEE International Conference on},
  pages={2923--2932},
  year={2017},
  organization={IEEE}
}
@inproceedings{hou2017tube,
  title={Tube convolutional neural network (T-CNN) for action detection in videos},
  author={Hou, Rui and Chen, Chen and Shah, Mubarak},
  booktitle={IEEE international conference on computer vision},
  year={2017}
}

@inproceedings{jiang2017delving,
  title={Delving deep into personal photo and video search},
  author={Jiang, Lu and Kalantidis, Yannis and Cao, Liangliang and Farfade, Sachin and Tang, Jiliang and Hauptmann, Alexander G},
  booktitle={Proceedings of the Tenth ACM International Conference on Web Search and Data Mining},
  pages={801--810},
  year={2017},
  organization={ACM}
}
@inproceedings{direkoǧlu2012team,
  title={Team activity recognition in sports},
  author={Direkoǧlu, Cem and O’Connor, Noel E},
  booktitle={European Conference on Computer Vision},
  pages={69--83},
  year={2012},
  organization={Springer}
}
@inproceedings{darby2007human,
  title={Human activity recognition: Enhancement for gesture based game interfaces},
  author={Darby, John and Li, Baihua and Costen, Nick},
  booktitle={3rd Int. Conf. on Games Research and Development, CyberGames},
  volume={89},
  year={2007}
}
@book{kraiss2006advanced,
  title={Advanced man-machine interaction},
  author={Kraiss, Karl-Friedrich},
  year={2006},
  publisher={Springer}
}
@article{aggarwal2011human,
  title={Human activity analysis: A review},
  author={Aggarwal, Jake K and Ryoo, Michael S},
  journal={ACM Computing Surveys (CSUR)},
  volume={43},
  number={3},
  pages={16},
  year={2011},
  publisher={ACM}
}
@article{moeslund2006survey,
  title={A survey of advances in vision-based human motion capture and analysis},
  author={Moeslund, Thomas B and Hilton, Adrian and Kr{\"u}ger, Volker},
  journal={Computer vision and image understanding},
  volume={104},
  number={2-3},
  pages={90--126},
  year={2006},
  publisher={Elsevier}
}
@article{roshtkhari2013human,
  title={Human activity recognition in videos using a single example},
  author={Roshtkhari, Mehrsan Javan and Levine, Martin D},
  journal={Image and Vision Computing},
  volume={31},
  number={11},
  pages={864--876},
  year={2013},
  publisher={Elsevier}
}
@article{chaaraoui2014evolutionary,
  title={Evolutionary joint selection to improve human action recognition with RGB-D devices},
  author={Chaaraoui, Alexandros Andre and Padilla-L{\'o}pez, Jos{\'e} Ram{\'o}n and Climent-P{\'e}rez, Pau and Fl{\'o}rez-Revuelta, Francisco},
  journal={Expert systems with applications},
  volume={41},
  number={3},
  pages={786--794},
  year={2014},
  publisher={Elsevier}
}
@article{ramezani2016review,
  title={A review on human action analysis in videos for retrieval applications},
  author={Ramezani, Mohsen and Yaghmaee, Farzin},
  journal={Artificial Intelligence Review},
  volume={46},
  number={4},
  pages={485--514},
  year={2016},
  publisher={Springer}
}
@inproceedings{schuldt2004recognizing,
  title={Recognizing human actions: a local SVM approach},
  author={Schuldt, Christian and Laptev, Ivan and Caputo, Barbara},
  booktitle={Pattern Recognition, 2004. ICPR 2004. Proceedings of the 17th International Conference on},
  volume={3},
  pages={32--36},
  year={2004},
  organization={IEEE}
}
@inproceedings{tran2015learning,
  title={Learning spatiotemporal features with 3d convolutional networks},
  author={Tran, Du and Bourdev, Lubomir and Fergus, Rob and Torresani, Lorenzo and Paluri, Manohar},
  booktitle={Proceedings of the IEEE international conference on computer vision},
  pages={4489--4497},
  year={2015}
}
@inproceedings{krizhevsky2012imagenet,
  title={Imagenet classification with deep convolutional neural networks},
  author={Krizhevsky, Alex and Sutskever, Ilya and Hinton, Geoffrey E},
  booktitle={Advances in neural information processing systems},
  pages={1097--1105},
  year={2012}
}
@inproceedings{nair2010rectified,
  title={Rectified linear units improve restricted boltzmann machines},
  author={Nair, Vinod and Hinton, Geoffrey E},
  booktitle={Proceedings of the 27th international conference on machine learning (ICML-10)},
  pages={807--814},
  year={2010}
}
@article{xu2015empirical,
  title={Empirical evaluation of rectified activations in convolutional network},
  author={Xu, Bing and Wang, Naiyan and Chen, Tianqi and Li, Mu},
  journal={arXiv preprint arXiv:1505.00853},
  year={2015}
}
@article{srivastava2014dropout,
  title={Dropout: a simple way to prevent neural networks from overfitting},
  author={Srivastava, Nitish and Hinton, Geoffrey and Krizhevsky, Alex and Sutskever, Ilya and Salakhutdinov, Ruslan},
  journal={The Journal of Machine Learning Research},
  volume={15},
  number={1},
  pages={1929--1958},
  year={2014},
  publisher={JMLR. org}
}
@article{lin2013network,
  title={Network in network},
  author={Lin, Min and Chen, Qiang and Yan, Shuicheng},
  journal={arXiv preprint arXiv:1312.4400},
  year={2013}
}
@inproceedings{zhou2016learning,
  title={Learning deep features for discriminative localization},
  author={Zhou, Bolei and Khosla, Aditya and Lapedriza, Agata and Oliva, Aude and Torralba, Antonio},
  booktitle={Proceedings of the IEEE Conference on Computer Vision and Pattern Recognition},
  pages={2921--2929},
  year={2016}
}
@article{hochreiter1997long,
  title={Long short-term memory},
  author={Hochreiter, Sepp and Schmidhuber, J{\"u}rgen},
  journal={Neural computation},
  volume={9},
  number={8},
  pages={1735--1780},
  year={1997},
  publisher={MIT Press}
}
@article{ioffe2015batch,
  title={Batch normalization: Accelerating deep network training by reducing internal covariate shift},
  author={Ioffe, Sergey and Szegedy, Christian},
  journal={arXiv preprint arXiv:1502.03167},
  year={2015}
}
@inproceedings{laptev2004recognizing,
  title={Recognizing human actions: a local SVM approach},
  author={Laptev, Ivan and Caputo, Barbara and others},
  booktitle={null},
  pages={32--36},
  year={2004},
  organization={IEEE}
}
@article{kim20183dsrnet,
  title={3DSRnet: Video Super-resolution using 3D Convolutional Neural Networks},
  author={Kim, Soo Ye and Lim, Jeongyeon and Na, Taeyoung and Kim, Munchurl},
  journal={arXiv preprint arXiv:1812.09079},
  year={2018}
}
@article{schmidhuber2015deep,
  title={Deep learning in neural networks: An overview},
  author={Schmidhuber, J{\"u}rgen},
  journal={Neural networks},
  volume={61},
  pages={85--117},
  year={2015},
  publisher={Elsevier}
}
@misc{mallik_2018, url={https://www.learnopencv.com/number-of-parameters-and-tensor-sizes-in-convolutional-neural-network/}, journal={Number of Parameters and Tensor Sizes in a Convolutional Neural Network (CNN)}, author={Mallik, Satya}, year={2018}, month={May}}

@inproceedings{karpathy2014large,
  title={Large-scale video classification with convolutional neural networks},
  author={Karpathy, Andrej and Toderici, George and Shetty, Sanketh and Leung, Thomas and Sukthankar, Rahul and Fei-Fei, Li},
  booktitle={Proceedings of the IEEE conference on Computer Vision and Pattern Recognition},
  pages={1725--1732},
  year={2014}
}
@inproceedings{yue2015beyond,
  title={Beyond short snippets: Deep networks for video classification},
  author={Yue-Hei Ng, Joe and Hausknecht, Matthew and Vijayanarasimhan, Sudheendra and Vinyals, Oriol and Monga, Rajat and Toderici, George},
  booktitle={Proceedings of the IEEE conference on computer vision and pattern recognition},
  pages={4694--4702},
  year={2015}
}
@inproceedings{simonyan2014two,
  title={Two-stream convolutional networks for action recognition in videos},
  author={Simonyan, Karen and Zisserman, Andrew},
  booktitle={Advances in neural information processing systems},
  pages={568--576},
  year={2014}
}
@inproceedings{wang2016actionness,
  title={Actionness estimation using hybrid fully convolutional networks},
  author={Wang, Limin and Qiao, Yu and Tang, Xiaoou and Van Gool, Luc},
  booktitle={Proceedings of the IEEE Conference on Computer Vision and Pattern Recognition},
  pages={2708--2717},
  year={2016}
}
@article{ji20133d,
  title={3D convolutional neural networks for human action recognition},
  author={Ji, Shuiwang and Xu, Wei and Yang, Ming and Yu, Kai},
  journal={IEEE transactions on pattern analysis and machine intelligence},
  volume={35},
  number={1},
  pages={221--231},
  year={2013},
  publisher={IEEE}
}
@inproceedings{tran2015learning,
  title={Learning spatiotemporal features with 3d convolutional networks},
  author={Tran, Du and Bourdev, Lubomir and Fergus, Rob and Torresani, Lorenzo and Paluri, Manohar},
  booktitle={Proceedings of the IEEE international conference on computer vision},
  pages={4489--4497},
  year={2015}
}
@article{ji20133d,
  title={3D convolutional neural networks for human action recognition},
  author={Ji, Shuiwang and Xu, Wei and Yang, Ming and Yu, Kai},
  journal={IEEE transactions on pattern analysis and machine intelligence},
  volume={35},
  number={1},
  pages={221--231},
  year={2013},
  publisher={IEEE}
}

@inproceedings{hou2017tube,
  title={Tube convolutional neural network (T-CNN) for action detection in videos},
  author={Hou, Rui and Chen, Chen and Shah, Mubarak},
  booktitle={Proceedings of the IEEE International Conference on Computer Vision},
  pages={5822--5831},
  year={2017}
}
@inproceedings{zhang2018generalized,
  title={Generalized cross entropy loss for training deep neural networks with noisy labels},
  author={Zhang, Zhilu and Sabuncu, Mert},
  booktitle={Advances in Neural Information Processing Systems},
  pages={8778--8788},
  year={2018}
}
@misc{karpathy, title={CS231n Convolutional Neural Networks for visual Recognition}, url={http://cs231n.github.io/convolutional-networks/}, journal={CS231n Convolutional Neural Networks for Visual Recognition}, publisher={GitHub}, author={Karpathy, Andrej}}
@misc{brownlee_2017, title={Dropout Regularization in Deep Learning Models With Keras}, url={https://machinelearningmastery.com/dropout-regularization-deep-learning-models-keras/}, journal={Machine Learning Mastery}, author={Brownlee, Jason}, year={2017}, month={Mar}}